<record><leader>00929cam a2200289 a 4500</leader><controlfield tag="001">1393471</controlfield><controlfield tag="008">910808s1985    nr                d eng d</controlfield><datafield ind1=" " ind2=" " tag="010"><subfield code="a">   87461771</subfield></datafield><datafield ind1=" " ind2=" " tag="020"><subfield code="a">9782337110</subfield></datafield><datafield ind1=" " ind2=" " tag="020"><subfield code="a">9781291532</subfield></datafield><datafield ind1=" " ind2=" " tag="035"><subfield code="a">ocn465362666</subfield></datafield><datafield ind1=" " ind2=" " tag="040"><subfield code="b">eng</subfield></datafield><datafield ind1=" " ind2=" " tag="049"><subfield code="a">AEU</subfield><subfield code="b">eng</subfield></datafield><datafield ind1="0" ind2=" " tag="050"><subfield code="a">MLCS 87/7528 (P)</subfield></datafield><datafield ind1=" " ind2="4" tag="050"><subfield code="a">PR9387.9.O69</subfield><subfield code="b">D47 1985</subfield></datafield><datafield ind1="0" ind2=" " tag="090"><subfield code="a">PR 9387.9 O58 D4514 1985</subfield></datafield><datafield ind1="1" ind2=" " tag="100"><subfield code="a">Onwueme, Osonye Tess.</subfield></datafield><datafield ind1="1" ind2="4" tag="245"><subfield code="a">The desert encroaches /</subfield><subfield code="c">Tess Akaeke Onwueme.</subfield></datafield><datafield ind1=" " ind2=" " tag="260"><subfield code="a">Ibadan, Nigeria :</subfield><subfield code="b">Heinemann Educational Books (Nigeria),</subfield><subfield code="c">1985.</subfield></datafield><datafield ind1=" " ind2=" " tag="300"><subfield code="a">76 p. ;</subfield><subfield code="c">18 cm.</subfield></datafield><datafield ind1=" " ind2=" " tag="336"><subfield code="a">text</subfield><subfield code="b">txt</subfield><subfield code="2">rdacontent</subfield></datafield><datafield ind1=" " ind2=" " tag="337"><subfield code="a">unmediated</subfield><subfield code="b">n</subfield><subfield code="2">rdamedia</subfield></datafield><datafield ind1=" " ind2=" " tag="338"><subfield code="a">volume</subfield><subfield code="b">nc</subfield><subfield code="2">rdacarrier</subfield></datafield><datafield ind1="1" ind2=" " tag="490"><subfield code="a">Heinemann frontline series</subfield></datafield><datafield ind1=" " ind2=" " tag="596"><subfield code="a">43</subfield></datafield><datafield ind1=" " ind2="0" tag="830"><subfield code="a">Heinemann frontline series.</subfield></datafield><datafield ind1=" " ind2=" " tag="926"><subfield code="a">PR 9387.9 O58 D4514 1985</subfield><subfield code="w">LC</subfield><subfield code="c">1</subfield><subfield code="i">000037291416</subfield><subfield code="d">3/19/2001</subfield><subfield code="l">ON_SHELF</subfield><subfield code="m">UAHSS</subfield><subfield code="n">6</subfield><subfield code="p">$150.00</subfield><subfield code="r">Y</subfield><subfield code="s">Y</subfield><subfield code="t">BOOK</subfield><subfield code="u">8/12/1991</subfield></datafield></record>